@Book{Blackburn,
  author =    {Patrick Blackburn, Maarten de Rijke, Yde Venema},
  title =        {Modal Logic},
  publisher =    {Cambridge University Press},
  year =         2001}


@Article{Harrison,
  author =       {John Harrison},
  title =        {Formalizing Basic First Order Model Theory},
  journal =      {Lecture Notes in Computer Science},
  year =         1998,
  pages =     {153--170}}


@Article{Norrish,
  author =       {Konrad Slind, Michael Norrish},
  title =        {A brief overview of HOL4},
  journal =      {International Conference on Theorem Proving in Higher Order Logics},
  year =         2008,
  pages =     {28-32}}

@misc{Gannon,
  author =    {Kyle Gannon},
  title =     {Introduction to the Keisler order},
  howpublished = {\url{http://math.uchicago.edu/~may/REU2014/REUPapers/Gannon.pdf}},
  note =      {Retrieved October 2019}}

@misc{Kruckman,
  author =    {Alex Kruckman},
  title =     {Notes on Ultrafilters},
  howpublished = {\url{https://math.berkeley.edu/~kruckman/ultrafilters.pdf}},
  note =      {Retrieved October 2019}}
 
 
@Book{ChangKeisler1990,
  author =    {C. C. Chang and H. Jerome Keisler},
  title =        {Model Theory},
  publisher =    {North Holland},
  year =         1990}


@Article{MalliarisShelah2016,
  author =       {M. Malliaris and S. Shelah},
  title =        {Cofinality Spectrum Theorems in Model Theory, Set Theory and General Topology},
  journal =      {Journal of the American Mathematical Society},
  year =         2016,
  volume =    29,
  number =    1,
  pages =     {237--297},
  month =     {January}}

@misc{Soukup2019,
  author =    {D T. Soukup},
  title =     {Two Infinite Cardinals and Their Surprising Relationship},
  howpublished = {\url{http://www.logic.univie.ac.at/~soukupd73/expository_pt.pdf}},
  note =      {Retrieved August 2019}}

